<?xml version="1.0" encoding="UTF-8"?><collection xmlns="http://www.loc.gov/MARC21/slim"><record><leader>00416nam--2200133-i-4500</leader><controlfield tag="001">000041981</controlfield><controlfield tag="002">20161230</controlfield><controlfield tag="005">20161230201043</controlfield><controlfield tag="008">060222s1000------------r-----000-0-eng-d</controlfield><datafield ind1=" " ind2=" " tag="080"><subfield code="a">530.184.2(083)</subfield></datafield><datafield ind1=" " ind2=" " tag="100"><subfield code="a">Smith,M.W., Glennon,B.M. Land Wiese,W.L</subfield></datafield><datafield ind1=" " ind2=" " tag="245"><subfield code="a">Atomic transition propabilities. vol.1:hydrogen through calcium</subfield></datafield><datafield ind1=" " ind2=" " tag="260"><subfield code="a">Washington, National Bureau Of Standards, 1966. Xxxii + 267 P</subfield></datafield><datafield ind1=" " ind2=" " tag="852"><subfield code="a">27163</subfield></datafield></record></collection>